@inproceedings {MitMa,
author = {Thanh Bui and Siddharth Prakash Rao and Markku Antikainen and Viswanathan Manihatty Bojan and Tuomas Aura},
title = {Man-in-the-Machine: Exploiting Ill-Secured Communication Inside the Computer},
booktitle = {27th {USENIX} Security Symposium ({USENIX} Security 18)},
year = {2018},
isbn = {978-1-931971-46-1},
address = {Baltimore, MD},
pages = {1511--1525},
url = {https://www.usenix.org/conference/usenixsecurity18/presentation/bui},
publisher = {{USENIX} Association},
}

@misc{o'sullivan_2018, title={Facebook's worst hack ever could get worse}, url={https://www.cnn.com/2018/10/04/tech/facebook-hack-explainer/index.html}, journal={CNN}, author={O'Sullivan, Donie}, year={2018}, month={Oct}}

@misc{timberg_dwoskin_fung_2017, title={Data of 143 million Americans exposed in hack of credit reporting agency Equifax}, url={https://www.washingtonpost.com/business/technology/equifax-hack-hits-credit-histories-of-up-to-143-million-americans/2017/09/07/a4ae6f82-941a-11e7-b9bc-b2f7903bab0d_story.html?noredirect=on&utm_term=.683f70071db7}, journal={The Washington Post}, author={Timberg, Craig and Dwoskin, Elizabeth and Fung, Brian}, year={2017}, month={Sep}}

@misc{google_transparency_report, title={HTTPS encryption on the web}, url={https://transparencyreport.google.com/https/overview}, journal={Google Transparency Report}, publisher={Google}}

@misc{microsoft_developers_network_2018, title={Fast User Switching}, url={https://docs.microsoft.com/en-us/windows/desktop/shell/fast-user-switching}, journal={Microsoft Docs}, publisher={Microsoft}, author={Microsoft Developers Network}, year={2018}, month={May}}

@misc{russinovich_2018, title={Handle}, url={https://docs.microsoft.com/en-us/sysinternals/downloads/handle}, journal={Windows Sysinternals}, publisher={Microsoft}, author={Russinovich, Mark}, year={2018}, month={Dec}}

@misc{microsoft_2018, title={Named Pipe Security and Access Rights}, url={https://docs.microsoft.com/en-us/windows/desktop/ipc/named-pipe-security-and-access-rights}, journal={Microsoft Docs}, author={Microsoft}, year={2018}, month={May}}

@misc{markruss_sharkey_2016, title={Pipelist}, url={https://docs.microsoft.com/en-us/sysinternals/downloads/pipelist}, journal={Windows Sysinternals}, publisher={Microsoft}, author={Markruss and Sharkey, Kent}, year={2016}, month={Jul}}

@misc{cohen_2019, place={Las Vegas}, title={Call the plumber: You have a leak in your (named) pipe}, journal={DEF CON 25}, publisher={Caesar's Palace}, author={Cohen, Gil}, year={2017}, month={Mar}}

@misc{watts2002discovering,
  title={Discovering and exploiting named pipe security flaws for fun and profit},
  author={Watts, Blake},
  year={2002},
  publisher={April}
}

@inproceedings{Xing_2015_CAI_2810103_2813609,
 author = {Xing, Luyi and Bai, Xiaolong and Li, Tongxin and Wang, XiaoFeng and Chen, Kai and Liao, Xiaojing and Hu, Shi-Min and Han, Xinhui},
 title = {Cracking App Isolation on Apple: Unauthorized Cross-App Resource Access on MAC OS~X and iOS},
 booktitle = {Proceedings of the 22Nd ACM SIGSAC Conference on Computer and Communications Security},
 series = {CCS '15},
 year = {2015},
 isbn = {978-1-4503-3832-5},
 location = {Denver, Colorado, USA},
 pages = {31--43},
 numpages = {13},
 url = {http://doi.acm.org/10.1145/2810103.2813609},
 doi = {10.1145/2810103.2813609},
 acmid = {2813609},
 publisher = {ACM},
 address = {New York, NY, USA},
 keywords = {MACH-O, OS X, XARA, apple, attack, confuse deputy, cross-app resource access, iOS, program analysis, vulnerability},
} 

@inproceedings{Shao_2016_MAU_2976749_2978297,
 author = {Shao, Yuru and Ott, Jason and Jia, Yunhan Jack and Qian, Zhiyun and Mao, Z. Morley},
 title = {The Misuse of Android Unix Domain Sockets and Security Implications},
 booktitle = {Proceedings of the 2016 ACM SIGSAC Conference on Computer and Communications Security},
 series = {CCS '16},
 year = {2016},
 isbn = {978-1-4503-4139-4},
 location = {Vienna, Austria},
 pages = {80--91},
 numpages = {12},
 url = {http://doi.acm.org/10.1145/2976749.2978297},
 doi = {10.1145/2976749.2978297},
 acmid = {2978297},
 publisher = {ACM},
 address = {New York, NY, USA},
 keywords = {android customization, application security, secure IPC},
} 

@inproceedings{bojinov2010kamouflage,
  title={Kamouflage: Loss-resistant password management},
  author={Bojinov, Hristo and Bursztein, Elie and Boyen, Xavier and Boneh, Dan},
  booktitle={European symposium on research in computer security},
  pages={286--302},
  year={2010},
  organization={Springer}
}

@article{Scheifler:1986:XWS:22949.24053,
 author = {Scheifler, Robert W. and Gettys, Jim},
 title = {The X Window System},
 journal = {ACM Trans. Graph.},
 issue_date = {April 1986},
 volume = {5},
 number = {2},
 month = apr,
 year = {1986},
 issn = {0730-0301},
 pages = {79--109},
 numpages = {31},
 url = {http://doi.acm.org/10.1145/22949.24053},
 doi = {10.1145/22949.24053},
 acmid = {24053},
 publisher = {ACM},
 address = {New York, NY, USA},
} 

@techreport{RFC0791,
  author = {Jon Postel},
  title = {Internet Protocol},
  howpublished = {Internet Requests for Comments},
  type = {STD},
  number = {5},
  year = {1981},
  month = {September},
  issn = {2070-1721},
  publisher = {RFC Editor},
  institution = {RFC Editor},
  url = {http://www.rfc-editor.org/rfc/rfc791.txt},
  note = {http://www.rfc-editor.org/rfc/rfc791.txt},
}

@techreport{RFC0793,
  author = {Jon Postel},
  title = {Transmission Control Protocol},
  howpublished = {Internet Requests for Comments},
  type = {STD},
  number = {7},
  year = {1981},
  month = {September},
  issn = {2070-1721},
  publisher = {RFC Editor},
  institution = {RFC Editor},
  url = {http://www.rfc-editor.org/rfc/rfc793.txt},
  note = {http://www.rfc-editor.org/rfc/rfc793.txt},
}

@book{Stevens:1996:TIT:233130,
 author = {Stevens, W. Richard},
 title = {TCP/IP Illustrated (Vol. 3): TCP for Transactions, HTTP, NNTP, and the Unix Domain Protocols},
 year = {1996},
 isbn = {0-201-63495-3},
 publisher = {Addison Wesley Longman Publishing Co., Inc.},
 address = {Redwood City, CA, USA},
} 

@book{Stevens:1997:UNP:522800,
 author = {Stevens, W. Richard},
 title = {UNIX Network Programming: Networking APIs: Sockets and XTI},
 year = {1997},
 isbn = {013490012X},
 edition = {2nd},
 publisher = {Prentice Hall PTR},
 address = {Upper Saddle River, NJ, USA},
} 

@inproceedings{Xiurong2011TheAA,
  title={The Analysis and Comparison of Inter-Process Communication Performance Between Computer Nodes},
  author={Zhang Xiurong},
  year={2011}
}

@article{immich2003performance,
  title={Performance analysis of five interprocess communication mechanisms across UNIX operating systems},
  author={Immich, Patricia K and Bhagavatula, Ravi S and Pendse, Ravi},
  journal={Journal of Systems and Software},
  volume={68},
  number={1},
  pages={27--43},
  year={2003},
  publisher={Elsevier}
}

@misc{independent_security_evaluators_2019, title={Password Managers: Under the Hood of Secrets Management}, url={https://www.securityevaluators.com/casestudies/password-manager-hacking/}, journal={Independent Security Evaluators}, year={2019}, month={Feb}}

@inproceedings{chow2005shredding,
  title={Shredding Your Garbage: Reducing Data Lifetime Through Secure Deallocation.},
  author={Chow, Jim and Pfaff, Ben and Garfinkel, Tal and Rosenblum, Mendel},
  booktitle={USENIX Security Symposium},
  pages={22--22},
  year={2005}
}

@misc{langsec_language-theoretic_security, title={LangSec: Recognition, Validation, and Compositional Correctness for Real World Security}, url={http://langsec.org/bof-handout.pdf}, journal={LANGSEC: Language-theoretic Security}}

@book{fuzzing,
  title={Fuzzing: brute force vulnerability discovery},
  author={Sutton, Michael and Greene, Adam and Amini, Pedram},
  year={2007},
  publisher={Pearson Education}
}

@article{godefroid2012sage,
  title={SAGE: whitebox fuzzing for security testing},
  author={Godefroid, Patrice and Levin, Michael Y and Molnar, David},
  journal={Queue},
  volume={10},
  number={1},
  pages={20},
  year={2012},
  publisher={ACM}
}

